%% This BibTeX bibliography file was created using BibDesk.
%% http://bibdesk.sourceforge.net/

%% Created for Jeffrey Varner at 2017-08-11 14:02:23 -0400 


%% Saved with string encoding Unicode (UTF-8) 



@article{RK-equation,
	Author = {Redlich, O and J. N. S. Kwong},
	Date-Added = {2017-08-11 18:00:39 +0000},
	Date-Modified = {2017-08-11 18:02:18 +0000},
	Journal = {{Chem. Rev.}},
	Number = {1},
	Pages = {233--244},
	Title = {{On the Thermodynamics of Solutions. V. An Equation of State. Fugacities of Gaseous Solutions.}},
	Volume = {44},
	Year = {1949}}

@phdthesis{vdW-Thesis,
	Author = {{van der Waals, J. D.}},
	Date-Added = {2017-08-11 14:25:13 +0000},
	Date-Modified = {2017-08-11 14:26:28 +0000},
	School = {{Universiteit Leiden, Leiden, The Netherlands}},
	Title = {{On the Continuity of the Gaseous and Liquid States}},
	Year = {1873}}

@article{Valderrama2003,
	Author = {{Jose ÃÅ O. Valderrama}},
	Date-Added = {2017-08-11 14:17:59 +0000},
	Date-Modified = {2017-08-11 14:19:23 +0000},
	Journal = {{Ind. Eng. Chem. Res.}},
	Pages = {1603-1618},
	Title = {{The State of the Cubic Equations of State}},
	Volume = {42},
	Year = {2003}}
